<?xml version="1.0" encoding="UTF-8"?><collection xmlns="http://www.loc.gov/MARC21/slim"><record><leader>00463nam--2200133-i-4500</leader><controlfield tag="001">000030349</controlfield><controlfield tag="002">20161230</controlfield><controlfield tag="005">20161230201038</controlfield><controlfield tag="008">060222s1000------------r-----000-0-eng-d</controlfield><datafield ind1=" " ind2=" " tag="080"><subfield code="a">54-124</subfield></datafield><datafield ind1=" " ind2=" " tag="245"><subfield code="a">Molecular relaxation processes. lectures delivered and synopses of papers read at a chemical society symposium held at aberystwyt, 7-9 july 1965</subfield></datafield><datafield ind1=" " ind2=" " tag="260"><subfield code="a">London, The Chemical Society, 1966, Ix + 304p</subfield></datafield><datafield ind1=" " ind2=" " tag="490"><subfield code="a">Chemical Society Special Publ</subfield></datafield><datafield ind1=" " ind2=" " tag="852"><subfield code="a">14038</subfield></datafield></record></collection>